@misc{Szegedy2013,
    title={Intriguing properties of neural networks},
    author={Christian Szegedy, Wojciech Zaremba, Ilya Sutskever, Joan Bruna, Dumitru Erhan, Ian Goodfellow, Rob Fergus},
    year={2013},
    url={https://arxiv.org/abs/1312.6199v1}
},

@misc{He2018,
    title={Decision Boundary Analysts of Adversarial Examples},
    author={Warren He, Bo Li, Dawn Song},
    year={2018},
    url={https://pdfs.semanticscholar.org/08c5/88465b7d801ad912ef3e9107fa511ea0e403.pdf}
},

@misc{Chattopadhyay2017,
    title={Aditya Chattopadhyay},
    author={Aditya Chattopadhyay, Anirban Sarkar, Prantik Howlader, Vineeth N Balasubramanian},
    year={2017},
    url={https://arxiv.org/abs/1710.11063}
},