@ARTICLE{Szegedy2013,
       author = {{Szegedy}, Christian and {Zaremba}, Wojciech and {Sutskever}, Ilya and
         {Bruna}, Joan and {Erhan}, Dumitru and {Goodfellow}, Ian and
         {Fergus}, Rob},
        title = "{Intriguing properties of neural networks}",
      journal = {arXiv e-prints},
     keywords = {Computer Science - Computer Vision and Pattern Recognition, Computer Science - Machine Learning, Computer Science - Neural and Evolutionary Computing},
         year = "2013",
        month = "Dec",
          eid = {arXiv:1312.6199},
        pages = {arXiv:1312.6199},
archivePrefix = {arXiv},
       eprint = {1312.6199},
 primaryClass = {cs.CV},
       adsurl = {https://ui.adsabs.harvard.edu/abs/2013arXiv1312.6199S},
      adsnote = {Provided by the SAO/NASA Astrophysics Data System},
			url			=	{https://arxiv.org/pdf/1312.6199v1.pdf}
},

@ARTICLE{He2018,
    title={Decision Boundary Analysts of Adversarial Examples},
    author={Warren, He and Bo, Li and Dawn, Song},
    year={2018},
		journal={ICLR 2018},
    url={https://pdfs.semanticscholar.org/08c5/88465b7d801ad912ef3e9107fa511ea0e403.pdf}
},

@ARTICLE{Chattopadhyay2017,
       author = {{Chattopadhyay}, Aditya and {Sarkar}, Anirban and {Howlader}, Prantik and {Balasubramanian}, Vineeth N},
        title = "{Grad-CAM++: Improved Visual Explanations for Deep Convolutional Networks}",
      journal = {arXiv e-prints},
     keywords = {Computer Science - Computer Vision and Pattern Recognition},
         year = "2017",
        month = "Oct",
          eid = {arXiv:1710.11063},
        pages = {arXiv:1710.11063},
archivePrefix = {arXiv},
       eprint = {1710.11063},
 primaryClass = {cs.CV},
       adsurl = {https://ui.adsabs.harvard.edu/abs/2017arXiv171011063C},
      adsnote = {Provided by the SAO/NASA Astrophysics Data System},
			url={https://arxiv.org/abs/1710.11063}
},

@ARTICLE{Goodfellow2015,
       author = {{Goodfellow}, Ian J. and {Shlens}, Jonathon and {Szegedy}, Christian},
        title = "{Explaining and Harnessing Adversarial Examples}",
      journal = {ICLR 2015},
     keywords = {Statistics - Machine Learning, Computer Science - Machine Learning},
					 url={https://arxiv.org/pdf/1412.6572.pdf}
},

@ARTICLE{Kurakin2016,
       author = {{Kurakin}, Alexey and {Goodfellow}, Ian and {Bengio}, Samy},
        title = "{Adversarial examples in the physical world}",
      journal = {ICLR 2017},
     keywords = {Computer Science - Computer Vision and Pattern Recognition, Computer Science - Cryptography and Security, Computer Science - Machine Learning, Statistics - Machine Learning},
         year = "2017",
			url={https://arxiv.org/abs/1607.02533}
},


@ARTICLE{Jiawei2017,
       author = {{Su}, Jiawei and {Vasconcellos Vargas}, Danilo and {Kouichi}, Sakurai},
        title = "{One pixel attack for fooling deep neural networks}",
      journal = {IEEE Transactions on Evolutionary Computation},
     keywords = {Computer Science - Machine Learning, Computer Science - Computer Vision and Pattern Recognition, Statistics - Machine Learning},
         year = "2019",
					url = {https://arxiv.org/abs/1710.08864}
},


@ARTICLE{Ross2017,
       author = {{Slavin Ross}, Andrew and {Doshi-Velez}, Finale},
        title = "{Improving the Adversarial Robustness and Interpretability of Deep Neural Networks by Regularizing their Input Gradients}",
      journal = {AAAI-18},
         year = "2018",
					url={https://arxiv.org/abs/1711.09404}
},


@ARTICLE{Blumer1987,
	title={Occam's Razor},
	author={Anselm, Blumer and Andrzej, Ehrenfeucht and David, Haussler and Manfred K., Warmuth},
	year={1987},
	journal={Information Processing Letters},
	volume={24},
	pages={377-380},
	url={https://users.soe.ucsc.edu/~manfred/pubs/J9.pdf}
},

@misc{Idahl2018,
	title={gtsrb-models-keras},
	author={Maximilian, Idhal},
	year={2018},
	url={https://github.com/MaximilianIdahl/gtsrb-models-keras}
}